<?xml version="1.0" encoding="UTF-8"?><collection xmlns="http://www.loc.gov/MARC21/slim"><record><leader>00553nam--2200181-i-4500</leader><controlfield tag="001">000010784</controlfield><controlfield tag="002">20161230</controlfield><controlfield tag="005">20161230201028</controlfield><controlfield tag="008">060222s1000------------r-----000-0-eng-d</controlfield><datafield ind1=" " ind2=" " tag="040"><subfield code="a">IFIN-HH</subfield></datafield><datafield ind1="1" ind2=" " tag="100"><subfield code="a">Clarke, D., Grainger, J.F</subfield></datafield><datafield ind1="1" ind2="0" tag="245"><subfield code="a">Polarized light and optical mesurement</subfield><subfield code="c">D. clarke, j.f. grainger</subfield></datafield><datafield ind1=" " ind2=" " tag="260"><subfield code="a">BRAUNSCHWEIG</subfield><subfield code="b">Pergamon Press</subfield><subfield code="c">1971</subfield></datafield><datafield ind1=" " ind2=" " tag="300"><subfield code="a">VIII + 187 P</subfield></datafield><datafield ind1=" " ind2=" " tag="490"><subfield code="a">International Series Of Monographs In Natural Philosophy</subfield><subfield code="v">Vol. 35</subfield></datafield><datafield ind1="1" ind2=" " tag="700"><subfield code="a">Grainger, J.F</subfield></datafield><datafield ind1=" " ind2=" " tag="852"><subfield code="a">38445</subfield><subfield code="c">535</subfield></datafield><datafield ind1=" " ind2=" " tag="CAT"><subfield code="a">Sys</subfield><subfield code="c">20101103</subfield><subfield code="h">145934</subfield></datafield></record></collection>